@misc{art:1,
title = "Tesla's story",
author = "Undefined",
howpublished = "Link: \url{http://amasci.com/tesla/tmistk.html}"
}

@misc{art:2,
title = "Tesla's museum",
author = "Undefined",
howpublished = "Link: \url{http://www.tesla-museum.org/meni_en/nt.php?link=zbirke/z&opc=sub4}"
}

@misc{art:3,
author = "Wikipedia",
title = "Nikolas Tesla",
howpublished = "Link: \url{http://pl.wikipedia.org/wiki/Nikola_Tesla}"
}

@misc{art:4,
author= "Nietuzinkowy",
title = "Historia Nikolasa Tesli",
howpublished = "Link: \url{http://nietuzinkowyblognaukowy.blogspot.com/2012/07/tajemnice-nikola-tesli.html}"
}
@misc{art:5,
title = "Si≈Ça elektromotoryczna",
author = "Wikipedia",
howpublished ="\url{http://pl.wikipedia.org/wiki/Si%C5%82a_elektromotoryczna}"
}
@misc{art:6,
title = "Guglielmo Marconi",
author = "Wikipedia",
howpublished ="\url{http://pl.wikipedia.org/wiki/Guglielmo_Marconi}"
}
@misc{art:7,
title = "Thomas Edison",
author = "Wikipedia",
howpublished ="\url{http://pl.wikipedia.org/wiki/Thomas_Alva_Edison}"
}